<?xml version="1.0" encoding="UTF-8"?><collection xmlns="http://www.loc.gov/MARC21/slim"><record><leader>00361nam--2200133-i-4500</leader><controlfield tag="001">000030502</controlfield><controlfield tag="002">20161230</controlfield><controlfield tag="005">20161230201038</controlfield><controlfield tag="008">060222s1000------------r-----000-0-eng-d</controlfield><datafield ind1=" " ind2=" " tag="080"><subfield code="a">621.039:621.311.2</subfield></datafield><datafield ind1=" " ind2=" " tag="100"><subfield code="a">Lyerly, L.And Mitchell, Iii Walter</subfield></datafield><datafield ind1=" " ind2=" " tag="245"><subfield code="a">Nuclear power plants</subfield></datafield><datafield ind1=" " ind2=" " tag="260"><subfield code="a">Washington, U.S.Atomic Energy Commission, 1967, 54p</subfield></datafield><datafield ind1=" " ind2=" " tag="852"><subfield code="a">79631</subfield></datafield></record></collection>